%YAML 1.1
%TAG !u! tag:unity3d.com,2011:
--- !u!241 &24100000
AudioMixerController:
  m_ObjectHideFlags: 0
  m_PrefabParentObject: {fileID: 0}
  m_PrefabInternal: {fileID: 0}
  m_Name: MainMixer
  m_OutputGroup: {fileID: 0}
  m_MasterGroup: {fileID: 24300002}
  m_Snapshots:
  - {fileID: 24500006}
  m_StartSnapshot: {fileID: 24500006}
  m_SuspendThreshold: -80
  m_EnableSuspend: 1
  m_UpdateMode: 0
  m_ExposedParameters:
  - guid: b8e4ef1951a53b94e82c7d6d0d65294d
    name: MusicVolume
  - guid: 0ce2bd018d2560b4f91ee47e2a5f59ba
    name: SoundVolume
  m_AudioMixerGroupViews:
  - guids:
    - cdd16cb1b03bd264fadced9ebc895c40
    - 70a3333aef499a64ca9d089658e124f9
    - 2805c77cba83d8946b75df83e1fa0be8
    name: View
  m_CurrentViewIndex: 0
  m_TargetSnapshot: {fileID: 24500006}
--- !u!243 &24300002
AudioMixerGroupController:
  m_ObjectHideFlags: 0
  m_PrefabParentObject: {fileID: 0}
  m_PrefabInternal: {fileID: 0}
  m_Name: Master
  m_AudioMixer: {fileID: 24100000}
  m_GroupID: cdd16cb1b03bd264fadced9ebc895c40
  m_Children:
  - {fileID: 243123588242007208}
  - {fileID: 243928469269760194}
  m_Volume: feac24df2f695154bb11d999ec4a1bb0
  m_Pitch: f56d1248de2cdab4bbf591df2378434f
  m_Effects:
  - {fileID: 24400004}
  m_UserColorIndex: 0
  m_Mute: 0
  m_Solo: 0
  m_BypassEffects: 0
--- !u!244 &24400004
AudioMixerEffectController:
  m_ObjectHideFlags: 3
  m_PrefabParentObject: {fileID: 0}
  m_PrefabInternal: {fileID: 0}
  m_Name: 
  m_EffectID: 367fc53dbb4bab746aa85b01d0b29971
  m_EffectName: Attenuation
  m_MixLevel: fdeae6fb0e593a74d97534876c755c94
  m_Parameters: []
  m_SendTarget: {fileID: 0}
  m_EnableWetMix: 0
  m_Bypass: 0
--- !u!245 &24500006
AudioMixerSnapshotController:
  m_ObjectHideFlags: 0
  m_PrefabParentObject: {fileID: 0}
  m_PrefabInternal: {fileID: 0}
  m_Name: Snapshot
  m_AudioMixer: {fileID: 24100000}
  m_SnapshotID: 688173307beb4e447b11d4651eb78dfe
  m_FloatValues:
    feac24df2f695154bb11d999ec4a1bb0: 0
  m_TransitionOverrides: {}
--- !u!243 &243123588242007208
AudioMixerGroupController:
  m_ObjectHideFlags: 0
  m_PrefabParentObject: {fileID: 0}
  m_PrefabInternal: {fileID: 0}
  m_Name: Sounds
  m_AudioMixer: {fileID: 24100000}
  m_GroupID: 70a3333aef499a64ca9d089658e124f9
  m_Children: []
  m_Volume: 0ce2bd018d2560b4f91ee47e2a5f59ba
  m_Pitch: 52b10582a0d68574d82037096209ef9f
  m_Effects:
  - {fileID: 244459684488492368}
  m_UserColorIndex: 0
  m_Mute: 0
  m_Solo: 0
  m_BypassEffects: 0
--- !u!243 &243928469269760194
AudioMixerGroupController:
  m_ObjectHideFlags: 0
  m_PrefabParentObject: {fileID: 0}
  m_PrefabInternal: {fileID: 0}
  m_Name: Music
  m_AudioMixer: {fileID: 24100000}
  m_GroupID: 2805c77cba83d8946b75df83e1fa0be8
  m_Children: []
  m_Volume: b8e4ef1951a53b94e82c7d6d0d65294d
  m_Pitch: 384eeb8797d26484b9e2789c405a594e
  m_Effects:
  - {fileID: 244104883323196448}
  m_UserColorIndex: 0
  m_Mute: 0
  m_Solo: 0
  m_BypassEffects: 0
--- !u!244 &244104883323196448
AudioMixerEffectController:
  m_ObjectHideFlags: 3
  m_PrefabParentObject: {fileID: 0}
  m_PrefabInternal: {fileID: 0}
  m_Name: 
  m_EffectID: d1cb4878f7da8b6478821063f6ef6b46
  m_EffectName: Attenuation
  m_MixLevel: 23f14ac2bd616494089e2fdbe62a32dc
  m_Parameters: []
  m_SendTarget: {fileID: 0}
  m_EnableWetMix: 0
  m_Bypass: 0
--- !u!244 &244459684488492368
AudioMixerEffectController:
  m_ObjectHideFlags: 3
  m_PrefabParentObject: {fileID: 0}
  m_PrefabInternal: {fileID: 0}
  m_Name: 
  m_EffectID: 4047eb4745379604ba6da14ab16b7e5f
  m_EffectName: Attenuation
  m_MixLevel: 610fd4c283bdbfb4293866c9ad305ead
  m_Parameters: []
  m_SendTarget: {fileID: 0}
  m_EnableWetMix: 0
  m_Bypass: 0
